<?xml version="1.0" encoding="UTF-8" ?>
<collection xmlns:xsi="http://www.w3.org/2001/XMLSchema-instance"
    xsi:schemaLocation="http://www.loc.gov/MARC21/slim
        http://www.loc.gov/standards/marcxml/schema/MARC21slim.xsd"
    xmlns="http://www.loc.gov/MARC21/slim">
<record>
  <leader>00412cam a2200865 ia4500</leader>
  <controlfield tag="001">b12312873</controlfield>
  <controlfield tag="003">LeBAU</controlfield>
  <controlfield tag="005">20140722</controlfield>
  <controlfield tag="008">970112s1954    ir            ||0 0 ara d</controlfield>
  <datafield tag="035" ind1=" " ind2=" ">
    <subfield code="a">ocn784183042</subfield>
  </datafield>
  <datafield tag="040" ind1=" " ind2=" ">
    <subfield code="a">LEAUB</subfield>
    <subfield code="b">ara</subfield>
    <subfield code="e">rda</subfield>
    <subfield code="c">LEAUB</subfield>
    <subfield code="d">LEAUB</subfield>
  </datafield>
  <datafield tag="082" ind1="0" ind2="4">
    <subfield code="a">039</subfield>
    <subfield code="2">20</subfield>
  </datafield>
  <datafield tag="100" ind1="1" ind2=" ">
    <subfield code="6">880-01</subfield>
    <subfield code="a">Aʻlamī, Muḥammad Ḥusayn,</subfield>
    <subfield code="d">1902-</subfield>
    <subfield code="e">author.</subfield>
  </datafield>
  <datafield tag="245" ind1="1" ind2="0">
    <subfield code="6">880-02</subfield>
    <subfield code="a">Kitāb Dāʼirat al-Maʻārif al-Musammāt bi-muqtabis al-Athar wa-mujaddid mā dathar /</subfield>
    <subfield code="c">ta’līf al-Shaykh Muḥammad Ḥusayn al-Shaykh Sulaymān al-A‘lamī al-Mihrajānī al-Ḥā’irī.</subfield>
  </datafield>
  <datafield tag="246" ind1="3" ind2="0">
    <subfield code="6">880-03</subfield>
    <subfield code="a">Dāʼirat al-Maʻārif al-Musammāt bi-muqtabis al-Athar wa-mujaddid mā dathar</subfield>
  </datafield>
  <datafield tag="246" ind1="3" ind2="0">
    <subfield code="6">880-04</subfield>
    <subfield code="a">muqtabis al-Athar wa-mujaddid mā dathar</subfield>
  </datafield>
  <datafield tag="246" ind1="1" ind2="4">
    <subfield code="6">880-05</subfield>
    <subfield code="a">Dāʼirat al-Maʻārif, aw, muqtabis al-Athar wa-mujaddid mā dathar</subfield>
  </datafield>
  <datafield tag="250" ind1=" " ind2=" ">
    <subfield code="6">880-06</subfield>
    <subfield code="a">al-Ṭab‘ah al-ūlá.</subfield>
  </datafield>
  <datafield tag="264" ind1=" " ind2="1">
    <subfield code="6">880-07</subfield>
    <subfield code="a">Qum :</subfield>
    <subfield code="b">al-Maṭba‘ah al-Ḥikmah,</subfield>
    <subfield code="c">1374-1392 H. = [1954]-1972 M.</subfield>
  </datafield>
  <datafield tag="300" ind1=" " ind2=" ">
    <subfield code="6">880-08</subfield>
    <subfield code="a">15 volumes ;</subfield>
    <subfield code="c">24 cm</subfield>
  </datafield>
  <datafield tag="336" ind1=" " ind2=" ">
    <subfield code="a">text</subfield>
    <subfield code="b">txt</subfield>
    <subfield code="2">rdacontent</subfield>
  </datafield>
  <datafield tag="337" ind1=" " ind2=" ">
    <subfield code="a">unmediated</subfield>
    <subfield code="b">n</subfield>
    <subfield code="2">rdamedia</subfield>
  </datafield>
  <datafield tag="338" ind1=" " ind2=" ">
    <subfield code="a">volume</subfield>
    <subfield code="b">nc</subfield>
    <subfield code="2">rdacarrier</subfield>
  </datafield>
  <datafield tag="500" ind1=" " ind2=" ">
    <subfield code="a">30 جزء ببليوغرافي في 15 جزء مادي.</subfield>
  </datafield>
  <datafield tag="500" ind1=" " ind2=" ">
    <subfield code="a">نسخة مكتبة يافث تنقص الجزء العاشر، والجزء السابع مكرر.</subfield>
  </datafield>
  <datafield tag="505" ind1="0" ind2=" ">
    <subfield code="a">الجزء السادس. الإنسان --الجزء السابع. الإنسان الكامل --الجزء الثامن. تكملة الإنسان --الجزء العاشر. عشرة كاملة في حرف الألف --الجزء الحادي عشر. أول الأوائل اللف مع الواو --الجزء الثاني عشر. تاريخ إيران الألف مع الياء --الجزء الثالث عشر. في الباء الموحدة وتاليها من الحروف الهجائية --الجزء الرابع عشر. في التاء الفوقانية وما تليها --الجزء الخامس عشر. في أحوال جعفر الصادق وجفره --الجزء السادس عشر. في الحاء المهملة منها الحسن والحسين --الجزء السابع عشر. في الحاء المهملة مع اللام وما تليها --الجزء الثامن عشر. الدنيا وما فيها قائم بالدعاء --الجزء التاسع عشر. حرف الزاي وما تليها --الجزء العشرون. حرف الشين والصاد والضاد --الجزء الحادي والعشرون. في حرف العين المهملة --الجزء الثاني والعشرون. في العدالة والعلم وعلي بن أبي طالب عليه السلام --الجزء الثالث والعشرون. في حرف العين المهملة مع الميم --الجزء الرابع والعشرون. في القبلة ووجهاتها وسور القرآن وأوصافها --الجزء الخامس والعشرون. في الكعبة وتاريخها ومعنى كل شئ --الجزء السادس والعشرون. في حرف الميم وما يليها --الجزء السابع والعشرون. في أحوال نبينا محمد (ص) ومن سمي بإسمه --الجزء الثامن والعشرون. في المعارف والمعاشر والمواعظ --الجزء التاسع والعشرون. في حرف النون وما تليها --الجزء الثلاثون. في حرف الهاء إلى آخر الياء.</subfield>
  </datafield>
  <datafield tag="588" ind1=" " ind2=" ">
    <subfield code="a">الوصف يستند إلى الجزء الأول</subfield>
  </datafield>
  <datafield tag="650" ind1=" " ind2="4">
    <subfield code="a">الموسوعات والقواميس العربية.</subfield>
  </datafield>
  <datafield tag="650" ind1=" " ind2="4">
    <subfield code="a">الشيعة</subfield>
    <subfield code="v">قواميس</subfield>
    <subfield code="x">عربية.</subfield>
  </datafield>
  <datafield tag="650" ind1=" " ind2="0">
    <subfield code="a">Encyclopedias and dictionaries, Arabic.</subfield>
  </datafield>
  <datafield tag="650" ind1=" " ind2="0">
    <subfield code="a">Shiites</subfield>
    <subfield code="v">Dictionaries</subfield>
    <subfield code="x">Arabic.</subfield>
  </datafield>
  <datafield tag="852" ind1=" " ind2=" ">
    <subfield code="a">Jafet Library</subfield>
    <subfield code="e">American University of Beirut, Bliss Street , Beirut, Lebanon.</subfield>
  </datafield>
  <datafield tag="852" ind1=" " ind2=" ">
    <subfield code="a">Jafet Reference</subfield>
    <subfield code="e">American University of Beirut, Bliss Street , Beirut, Lebanon.</subfield>
  </datafield>
  <datafield tag="880" ind1="1" ind2=" ">
    <subfield code="6">100-01/(3/r</subfield>
    <subfield code="a">الاعلمي، محمد حسين،</subfield>
    <subfield code="d">1902-</subfield>
    <subfield code="e">مؤلف. </subfield>
    <subfield code="4">aut.</subfield>
  </datafield>
  <datafield tag="880" ind1="1" ind2="0">
    <subfield code="6">245-02/(3/r</subfield>
    <subfield code="a">كتاب دائرة المعارف المسماة بمقتبس الأثر ومجدد ما دثر /</subfield>
    <subfield code="c">تأليف الشيخ محمد حسين الشيخ سليمان الأعلمي المهرجاني الحائري.</subfield>
  </datafield>
  <datafield tag="880" ind1="3" ind2="0">
    <subfield code="6">246-03/(3/r</subfield>
    <subfield code="a">دائرة المعارف المسماة بمقتبس الأثر ومجدد ما دثر</subfield>
  </datafield>
  <datafield tag="880" ind1="3" ind2="0">
    <subfield code="6">246-04/(3/r</subfield>
    <subfield code="a">مقتبس الأثر ومجدد ما دثر</subfield>
  </datafield>
  <datafield tag="880" ind1="1" ind2="4">
    <subfield code="6">246-05/(3/r</subfield>
    <subfield code="a">دائرة المعارف، أو، مقتبس الأثر ومجدد ما دثر</subfield>
  </datafield>
  <datafield tag="880" ind1=" " ind2=" ">
    <subfield code="6">250-06/(3/r</subfield>
    <subfield code="a">الطبعة الأولى.</subfield>
  </datafield>
  <datafield tag="880" ind1=" " ind2="1">
    <subfield code="6">264-07/(3/r</subfield>
    <subfield code="a">قم :</subfield>
    <subfield code="b">المطبعة الحكمة،</subfield>
    <subfield code="c">1374-1392 هـ. = [1954]-1972 م.</subfield>
  </datafield>
  <datafield tag="880" ind1=" " ind2=" ">
    <subfield code="6">300-08/(3/r</subfield>
    <subfield code="a">15 جزء ؛</subfield>
    <subfield code="c">24 سم</subfield>
  </datafield>
  <datafield tag="907" ind1=" " ind2=" ">
    <subfield code="a">.b12312873</subfield>
    <subfield code="b">16-04-04</subfield>
    <subfield code="c">11-05-24</subfield>
  </datafield>
  <datafield tag="907" ind1=" " ind2=" ">
    <subfield code="a">.b12312873</subfield>
    <subfield code="b">11-10-21</subfield>
    <subfield code="c">11-05-24</subfield>
  </datafield>
  <datafield tag="945" ind1=" " ind2=" ">
    <subfield code="f">R</subfield>
    <subfield code="a">039:A31dA:v.1-2:c.1</subfield>
    <subfield code="g">1</subfield>
    <subfield code="i">01068404</subfield>
    <subfield code="j">.i12740123</subfield>
    <subfield code="l">u0601</subfield>
  </datafield>
  <datafield tag="945" ind1=" " ind2=" ">
    <subfield code="f">R</subfield>
    <subfield code="a">039:A31dA:v.3-4:c.1</subfield>
    <subfield code="g">1</subfield>
    <subfield code="i">01068405</subfield>
    <subfield code="j">.i12740135</subfield>
    <subfield code="l">u0601</subfield>
  </datafield>
  <datafield tag="945" ind1=" " ind2=" ">
    <subfield code="f">R</subfield>
    <subfield code="a">039:A31dA:v.5-6:c.1</subfield>
    <subfield code="g">1</subfield>
    <subfield code="i">01068406</subfield>
    <subfield code="j">.i12740147</subfield>
    <subfield code="l">u0601</subfield>
  </datafield>
  <datafield tag="945" ind1=" " ind2=" ">
    <subfield code="f">R</subfield>
    <subfield code="a">039:A31dA:v.7-8:c.1</subfield>
    <subfield code="g">1</subfield>
    <subfield code="i">01068407</subfield>
    <subfield code="j">.i12740159</subfield>
    <subfield code="l">u0601</subfield>
  </datafield>
  <datafield tag="945" ind1=" " ind2=" ">
    <subfield code="f">R</subfield>
    <subfield code="a">039:A31dA:v.9-10:c.1</subfield>
    <subfield code="g">1</subfield>
    <subfield code="i">01068408</subfield>
    <subfield code="j">.i12740160</subfield>
    <subfield code="l">u0601</subfield>
  </datafield>
  <datafield tag="945" ind1=" " ind2=" ">
    <subfield code="f">R</subfield>
    <subfield code="a">039:A31dA:v.11-12:c.1</subfield>
    <subfield code="g">1</subfield>
    <subfield code="i">01068409</subfield>
    <subfield code="j">.i12740172</subfield>
    <subfield code="l">u0601</subfield>
  </datafield>
  <datafield tag="945" ind1=" " ind2=" ">
    <subfield code="f">R</subfield>
    <subfield code="a">039:A31dA:v.13-14:c.1</subfield>
    <subfield code="g">1</subfield>
    <subfield code="i">01068410</subfield>
    <subfield code="j">.i12740184</subfield>
    <subfield code="l">u0601</subfield>
  </datafield>
  <datafield tag="945" ind1=" " ind2=" ">
    <subfield code="f">R</subfield>
    <subfield code="a">039:A31dA:v.15-16:c.1</subfield>
    <subfield code="g">1</subfield>
    <subfield code="i">01068411</subfield>
    <subfield code="j">.i12740196</subfield>
    <subfield code="l">u0601</subfield>
  </datafield>
  <datafield tag="945" ind1=" " ind2=" ">
    <subfield code="f">R</subfield>
    <subfield code="a">039:A31dA:v.17-18:c.1</subfield>
    <subfield code="g">1</subfield>
    <subfield code="i">01068412</subfield>
    <subfield code="j">.i12740202</subfield>
    <subfield code="l">u0601</subfield>
  </datafield>
  <datafield tag="945" ind1=" " ind2=" ">
    <subfield code="f">R</subfield>
    <subfield code="a">039:A31dA:v.19-20:c.1</subfield>
    <subfield code="g">1</subfield>
    <subfield code="i">01068413</subfield>
    <subfield code="j">.i12740214</subfield>
    <subfield code="l">u0601</subfield>
  </datafield>
  <datafield tag="945" ind1=" " ind2=" ">
    <subfield code="f">R</subfield>
    <subfield code="a">039:A31dA:v.21-22:c.1</subfield>
    <subfield code="g">1</subfield>
    <subfield code="i">01068414</subfield>
    <subfield code="j">.i12740226</subfield>
    <subfield code="l">u0601</subfield>
  </datafield>
  <datafield tag="945" ind1=" " ind2=" ">
    <subfield code="f">R</subfield>
    <subfield code="a">039:A31dA:v.23-24:c.1</subfield>
    <subfield code="g">1</subfield>
    <subfield code="i">01068415</subfield>
    <subfield code="j">.i12740238</subfield>
    <subfield code="l">u0601</subfield>
  </datafield>
  <datafield tag="945" ind1=" " ind2=" ">
    <subfield code="f">R</subfield>
    <subfield code="a">039:A31dA:v.25-26:c.1</subfield>
    <subfield code="g">1</subfield>
    <subfield code="i">01068416</subfield>
    <subfield code="j">.i1274024x</subfield>
    <subfield code="l">u0601</subfield>
  </datafield>
  <datafield tag="945" ind1=" " ind2=" ">
    <subfield code="f">R</subfield>
    <subfield code="a">039:A31dA:v.27-28:c.1</subfield>
    <subfield code="g">1</subfield>
    <subfield code="i">01068417</subfield>
    <subfield code="j">.i12740251</subfield>
    <subfield code="l">u0601</subfield>
  </datafield>
  <datafield tag="945" ind1=" " ind2=" ">
    <subfield code="f">R</subfield>
    <subfield code="a">039:A31dA:v.29-30:c.1</subfield>
    <subfield code="g">1</subfield>
    <subfield code="i">01068418</subfield>
    <subfield code="j">.i12740263</subfield>
    <subfield code="l">u0601</subfield>
  </datafield>
  <datafield tag="945" ind1=" " ind2=" ">
    <subfield code="f">R</subfield>
    <subfield code="a">039:A31dA:Index:c.1</subfield>
    <subfield code="g">1</subfield>
    <subfield code="i">00346870</subfield>
    <subfield code="j">.i12740275</subfield>
    <subfield code="l">u0601</subfield>
  </datafield>
  <datafield tag="945" ind1=" " ind2=" ">
    <subfield code="f">J</subfield>
    <subfield code="a">039:A31dA:v.1-2:c.1</subfield>
    <subfield code="g">1</subfield>
    <subfield code="i">01000693</subfield>
    <subfield code="j">.i12739972</subfield>
    <subfield code="l">u0503</subfield>
  </datafield>
  <datafield tag="945" ind1=" " ind2=" ">
    <subfield code="f">J</subfield>
    <subfield code="a">039:A31dA:v.3-4:c.1</subfield>
    <subfield code="g">1</subfield>
    <subfield code="i">01000696</subfield>
    <subfield code="j">.i12739984</subfield>
    <subfield code="l">u0503</subfield>
  </datafield>
  <datafield tag="945" ind1=" " ind2=" ">
    <subfield code="f">J</subfield>
    <subfield code="a">039:A31dA:v.5-6:c.1</subfield>
    <subfield code="g">1</subfield>
    <subfield code="i">01000697</subfield>
    <subfield code="j">.i12739996</subfield>
    <subfield code="l">u0503</subfield>
  </datafield>
  <datafield tag="945" ind1=" " ind2=" ">
    <subfield code="f">J</subfield>
    <subfield code="a">039:A31dA:v.7-8:c.1</subfield>
    <subfield code="g">1</subfield>
    <subfield code="i">01000698</subfield>
    <subfield code="j">.i12740007</subfield>
    <subfield code="l">u0503</subfield>
  </datafield>
  <datafield tag="945" ind1=" " ind2=" ">
    <subfield code="f">J</subfield>
    <subfield code="a">039:A31dA:v.9-10:c.1</subfield>
    <subfield code="g">1</subfield>
    <subfield code="i">01000699</subfield>
    <subfield code="j">.i12740019</subfield>
    <subfield code="l">u0503</subfield>
  </datafield>
  <datafield tag="945" ind1=" " ind2=" ">
    <subfield code="f">J</subfield>
    <subfield code="a">039:A31dA:v.11-12:c.1</subfield>
    <subfield code="g">1</subfield>
    <subfield code="i">01000700</subfield>
    <subfield code="j">.i12740020</subfield>
    <subfield code="l">u0503</subfield>
  </datafield>
  <datafield tag="945" ind1=" " ind2=" ">
    <subfield code="f">J</subfield>
    <subfield code="a">039:A31dA:v.13-14:c.1</subfield>
    <subfield code="g">1</subfield>
    <subfield code="i">01000701</subfield>
    <subfield code="j">.i12740032</subfield>
    <subfield code="l">u0503</subfield>
  </datafield>
  <datafield tag="945" ind1=" " ind2=" ">
    <subfield code="f">J</subfield>
    <subfield code="a">039:A31dA:v.15-16:c.1</subfield>
    <subfield code="g">1</subfield>
    <subfield code="i">01000702</subfield>
    <subfield code="j">.i12740044</subfield>
    <subfield code="l">u0503</subfield>
  </datafield>
  <datafield tag="945" ind1=" " ind2=" ">
    <subfield code="f">J</subfield>
    <subfield code="a">039:A31dA:v.17-18:c.1</subfield>
    <subfield code="g">1</subfield>
    <subfield code="i">01000703</subfield>
    <subfield code="j">.i12740056</subfield>
    <subfield code="l">u0503</subfield>
  </datafield>
  <datafield tag="945" ind1=" " ind2=" ">
    <subfield code="f">J</subfield>
    <subfield code="a">039:A31dA:v.19-20:c.1</subfield>
    <subfield code="g">1</subfield>
    <subfield code="i">01000704</subfield>
    <subfield code="j">.i12740068</subfield>
    <subfield code="l">u0503</subfield>
  </datafield>
  <datafield tag="945" ind1=" " ind2=" ">
    <subfield code="f">J</subfield>
    <subfield code="a">039:A31dA:v.21-22:c.1</subfield>
    <subfield code="g">1</subfield>
    <subfield code="i">01000705</subfield>
    <subfield code="j">.i1274007x</subfield>
    <subfield code="l">u0503</subfield>
  </datafield>
  <datafield tag="945" ind1=" " ind2=" ">
    <subfield code="f">J</subfield>
    <subfield code="a">039:A31dA:v.23-24:c.1</subfield>
    <subfield code="g">1</subfield>
    <subfield code="i">01000706</subfield>
    <subfield code="j">.i12740081</subfield>
    <subfield code="l">u0503</subfield>
  </datafield>
  <datafield tag="945" ind1=" " ind2=" ">
    <subfield code="f">J</subfield>
    <subfield code="a">039:A31dA:v.25-26:c.1</subfield>
    <subfield code="g">1</subfield>
    <subfield code="i">01000707</subfield>
    <subfield code="j">.i12740093</subfield>
    <subfield code="l">u0503</subfield>
  </datafield>
  <datafield tag="945" ind1=" " ind2=" ">
    <subfield code="f">J</subfield>
    <subfield code="a">039:A31dA:v.27-28:c.1</subfield>
    <subfield code="g">1</subfield>
    <subfield code="i">01000708</subfield>
    <subfield code="j">.i1274010x</subfield>
    <subfield code="l">u0503</subfield>
  </datafield>
  <datafield tag="945" ind1=" " ind2=" ">
    <subfield code="f">J</subfield>
    <subfield code="a">039:A31dA:v.29-30:c.1</subfield>
    <subfield code="g">1</subfield>
    <subfield code="i">01000709</subfield>
    <subfield code="j">.i12740111</subfield>
    <subfield code="l">u0503</subfield>
  </datafield>
  <datafield tag="998" ind1=" " ind2=" ">
    <subfield code="a">(15)u05</subfield>
    <subfield code="a">(16)u06</subfield>
    <subfield code="b">97-01-12</subfield>
    <subfield code="c">m</subfield>
    <subfield code="d">a</subfield>
    <subfield code="e">-</subfield>
    <subfield code="f">ara</subfield>
    <subfield code="g">ir </subfield>
    <subfield code="h">0</subfield>
    <subfield code="i">31</subfield>
  </datafield>
</record>
</collection>
